<?xml version="1.0" encoding="UTF-8"?><collection xmlns="http://www.loc.gov/MARC21/slim"><record><leader>00667nam--2200193-i-4500</leader><controlfield tag="001">000000026</controlfield><controlfield tag="002">20161230</controlfield><controlfield tag="005">20170118122800</controlfield><controlfield tag="008">060222s1000------------r-----000-0-eng-d</controlfield><datafield ind1=" " ind2=" " tag="020"><subfield code="a">0905945026</subfield></datafield><datafield ind1=" " ind2=" " tag="040"><subfield code="a">IFIN-HH</subfield></datafield><datafield ind1=" " ind2=" " tag="080"><subfield code="a">539.22(061.3)</subfield></datafield><datafield ind1="1" ind2=" " tag="100"><subfield code="a">Friedman, L. R</subfield></datafield><datafield ind1="1" ind2="0" tag="245"><subfield code="a">The Metal Non-Metal Transition in Disorders Systems</subfield><subfield code="b">Proceedings of the Ninteenth Scottish Universities Summer Scholl in Physics St. Andrews, august 1978</subfield><subfield code="c">L. R. Friedman, D.P. Tunstall (eds.)</subfield></datafield><datafield ind1=" " ind2=" " tag="260"><subfield code="a">Edinburg</subfield><subfield code="b">Scottish Universities Summer School In Physics</subfield><subfield code="c">1978</subfield></datafield><datafield ind1=" " ind2=" " tag="300"><subfield code="a">509P</subfield></datafield><datafield ind1="1" ind2=" " tag="700"><subfield code="a">Tunstall, D.P</subfield></datafield><datafield ind1=" " ind2=" " tag="852"><subfield code="a">77371</subfield><subfield code="c">539.23</subfield></datafield><datafield ind1=" " ind2=" " tag="CAT"><subfield code="a">SYS</subfield><subfield code="c">20170118</subfield><subfield code="h">122800</subfield></datafield></record></collection>